<?xml version="1.0" encoding="UTF-8"?><collection xmlns="http://www.loc.gov/MARC21/slim"><record><leader>00410nam--2200133-i-4500</leader><controlfield tag="001">000010272</controlfield><controlfield tag="002">20161230</controlfield><controlfield tag="005">20161230201028</controlfield><controlfield tag="008">060222s1000------------r-----000-0-eng-d</controlfield><datafield ind1=" " ind2=" " tag="080"><subfield code="a">621.59:621.039.51</subfield></datafield><datafield ind1=" " ind2=" " tag="100"><subfield code="a">Bochirol, L</subfield></datafield><datafield ind1=" " ind2=" " tag="245"><subfield code="a">Les irradiations neutroniques a basse tempera ture au centre d`etudes nucleaires de grenoble</subfield></datafield><datafield ind1=" " ind2=" " tag="260"><subfield code="a">Grenoble, Commissariat A L`Energie Atomique,65 27 P</subfield></datafield><datafield ind1=" " ind2=" " tag="852"><subfield code="a">37387</subfield></datafield></record></collection>